@inproceedings{zou2001framework,
  title={A framework for migrating procedural code to object-oriented platforms},
  author={Zou, Ying and Kontogiannis, Kostas},
  booktitle={apsec},
  pages={390},
  year={2001},
  organization={IEEE}
}